[gd_scene load_steps=17 format=2]

[ext_resource path="res://Texturas/MENU ASSETS/botao-exit.png" type="Texture" id=1]
[ext_resource path="res://Texturas/MENU ASSETS/botao-2p.png" type="Texture" id=2]
[ext_resource path="res://Texturas/MENU ASSETS/menu-background.png" type="Texture" id=3]
[ext_resource path="res://Texturas/MENU ASSETS/pasta-para-botoes.png" type="Texture" id=4]
[ext_resource path="res://Texturas/MENU ASSETS/botao-4p.png" type="Texture" id=5]
[ext_resource path="res://Texturas/MENU ASSETS/Logo.png" type="Texture" id=6]
[ext_resource path="res://Texturas/MENU ASSETS/botao-3p.png" type="Texture" id=7]
[ext_resource path="res://Texturas/MENU ASSETS/botao-play.png" type="Texture" id=8]
[ext_resource path="res://Texturas/MENU ASSETS/botao-how-to-play.png" type="Texture" id=9]
[ext_resource path="res://Scripts/MenuScripts/Menu.gd" type="Script" id=10]
[ext_resource path="res://Texturas/MENU ASSETS/botao-2p-dark.png" type="Texture" id=11]
[ext_resource path="res://Texturas/MENU ASSETS/botao-3p-dark.png" type="Texture" id=12]
[ext_resource path="res://Texturas/MENU ASSETS/botao-4p-dark.png" type="Texture" id=13]
[ext_resource path="res://Texturas/MENU ASSETS/botao-play-dark.png" type="Texture" id=14]
[ext_resource path="res://Texturas/MENU ASSETS/botao-exit-dark.png" type="Texture" id=15]
[ext_resource path="res://Sons/Menu.ogg" type="AudioStream" id=16]

[node name="Control" type="Control"]
anchor_right = 1.0
anchor_bottom = 1.0
script = ExtResource( 10 )
__meta__ = {
"_edit_use_anchors_": false
}

[node name="TextureRect2" type="TextureRect" parent="."]
margin_right = 1344.0
margin_bottom = 977.0
texture = ExtResource( 3 )
expand = true
stretch_mode = 1

[node name="TextureRect" type="TextureRect" parent="."]
margin_left = 96.0
margin_top = 32.0
margin_right = 960.0
margin_bottom = 1009.0
texture = ExtResource( 6 )
expand = true
stretch_mode = 1
__meta__ = {
"_edit_use_anchors_": false
}

[node name="TextureRect3" type="TextureRect" parent="."]
margin_left = 810.0
margin_top = 178.0
margin_right = 1345.0
margin_bottom = 793.0
texture = ExtResource( 4 )
expand = true
stretch_mode = 1
__meta__ = {
"_edit_use_anchors_": false
}

[node name="Exit" type="TextureButton" parent="."]
margin_left = 921.0
margin_top = 585.0
margin_right = 1197.0
margin_bottom = 734.0
texture_normal = ExtResource( 1 )
texture_hover = ExtResource( 15 )
expand = true
__meta__ = {
"_edit_use_anchors_": false
}

[node name="HowToPlay" type="TextureButton" parent="."]
margin_left = 939.0
margin_top = 460.0
margin_right = 1215.0
margin_bottom = 609.0
texture_normal = ExtResource( 9 )
expand = true
__meta__ = {
"_edit_use_anchors_": false
}

[node name="Play" type="TextureButton" parent="."]
margin_left = 951.0
margin_top = 336.0
margin_right = 1227.0
margin_bottom = 485.0
action_mode = 0
texture_normal = ExtResource( 8 )
texture_pressed = ExtResource( 14 )
texture_hover = ExtResource( 14 )
expand = true
__meta__ = {
"_edit_use_anchors_": false
}

[node name="2P" type="TextureButton" parent="."]
margin_left = 966.0
margin_top = 221.0
margin_right = 1061.0
margin_bottom = 303.0
toggle_mode = true
pressed = true
texture_normal = ExtResource( 2 )
texture_pressed = ExtResource( 11 )
texture_hover = ExtResource( 11 )
expand = true
__meta__ = {
"_edit_use_anchors_": false
}

[node name="3P" type="TextureButton" parent="."]
margin_left = 1058.0
margin_top = 237.0
margin_right = 1153.0
margin_bottom = 319.0
toggle_mode = true
texture_normal = ExtResource( 7 )
texture_pressed = ExtResource( 12 )
texture_hover = ExtResource( 12 )
expand = true
__meta__ = {
"_edit_use_anchors_": false
}

[node name="4P" type="TextureButton" parent="."]
margin_left = 1153.0
margin_top = 251.0
margin_right = 1248.0
margin_bottom = 333.0
toggle_mode = true
texture_normal = ExtResource( 5 )
texture_pressed = ExtResource( 13 )
texture_hover = ExtResource( 13 )
expand = true
__meta__ = {
"_edit_use_anchors_": false
}

[node name="AudioStreamPlayer" type="AudioStreamPlayer" parent="."]
stream = ExtResource( 16 )
autoplay = true
[connection signal="pressed" from="Exit" to="." method="_on_Exit_pressed"]
[connection signal="pressed" from="HowToPlay" to="." method="_on_HowToPlay_pressed"]
[connection signal="pressed" from="Play" to="." method="_on_Play_pressed"]
[connection signal="pressed" from="2P" to="." method="_on_2P_pressed"]
[connection signal="pressed" from="3P" to="." method="_on_3P_pressed"]
[connection signal="pressed" from="4P" to="." method="_on_4P_pressed"]
