[gd_scene load_steps=47 format=2]

[ext_resource path="res://Scenes/MainBombas.tscn" type="PackedScene" id=1]
[ext_resource path="res://Texturas/PLAYER ANIMATION/BLUE BUNNY ANIMATION/Blue bunny walk right/blue-bunny-walk-right (4).png" type="Texture" id=2]
[ext_resource path="res://Texturas/PLAYER ANIMATION/BLUE BUNNY ANIMATION/Blue bunny walk down/Walk-down-4.png" type="Texture" id=3]
[ext_resource path="res://Texturas/PLAYER ANIMATION/BLUE BUNNY ANIMATION/Blue bunny walk right/blue-bunny-walk-right (1).png" type="Texture" id=4]
[ext_resource path="res://Scripts/Players_Scripts/Player.gd" type="Script" id=5]
[ext_resource path="res://Texturas/PLAYER ANIMATION/BLUE BUNNY ANIMATION/Blue bunny walk up/blue-bunny-walk-up (2).png" type="Texture" id=6]
[ext_resource path="res://Texturas/PLAYER ANIMATION/BLUE BUNNY ANIMATION/Blue bunny walk right/blue-bunny-walk-right (2).png" type="Texture" id=7]
[ext_resource path="res://Texturas/PLAYER ANIMATION/BLUE BUNNY ANIMATION/Blue bunny walk right/blue-bunny-walk-right (3).png" type="Texture" id=8]
[ext_resource path="res://Texturas/PLAYER ANIMATION/BLUE BUNNY ANIMATION/Blue bunny walk down/Walk-down-3.png" type="Texture" id=9]
[ext_resource path="res://Texturas/PLAYER ANIMATION/BLUE BUNNY ANIMATION/Blue bunny walk up/blue-bunny-walk-up (4).png" type="Texture" id=10]
[ext_resource path="res://Texturas/PLAYER ANIMATION/BLUE BUNNY ANIMATION/Blue bunny walk up/blue-bunny-walk-up (1).png" type="Texture" id=11]
[ext_resource path="res://Texturas/PLAYER ANIMATION/BLUE BUNNY ANIMATION/Blue bunny walk up/blue-bunny-walk-up (3).png" type="Texture" id=12]
[ext_resource path="res://Texturas/PLAYER ANIMATION/BLUE BUNNY ANIMATION/Blue bunny walk down/Walk-down-2.png" type="Texture" id=13]
[ext_resource path="res://Texturas/PLAYER ANIMATION/BLUE BUNNY ANIMATION/Blue bunny walk down/Walk-down-1.png" type="Texture" id=14]
[ext_resource path="res://Texturas/MORTE ANIMAÇÃO/MORTE-FRAME (3).png" type="Texture" id=15]
[ext_resource path="res://Texturas/MORTE ANIMAÇÃO/MORTE-FRAME (4).png" type="Texture" id=16]
[ext_resource path="res://Texturas/MORTE ANIMAÇÃO/MORTE-FRAME (5).png" type="Texture" id=17]
[ext_resource path="res://Texturas/MORTE ANIMAÇÃO/MORTE-FRAME (1).png" type="Texture" id=18]
[ext_resource path="res://Texturas/MORTE ANIMAÇÃO/MORTE-FRAME (2).png" type="Texture" id=19]
[ext_resource path="res://Texturas/MORTE ANIMAÇÃO/MORTE-FRAME (6).png" type="Texture" id=20]
[ext_resource path="res://Texturas/MORTE ANIMAÇÃO/MORTE-FRAME (7).png" type="Texture" id=21]

[sub_resource type="RectangleShape2D" id=1]
extents = Vector2( 32, 32 )

[sub_resource type="Animation" id=2]
resource_name = "Die"
length = 0.6
step = 0.01
tracks/0/type = "value"
tracks/0/path = NodePath("Sprite:texture")
tracks/0/interp = 1
tracks/0/loop_wrap = true
tracks/0/imported = false
tracks/0/enabled = true
tracks/0/keys = {
"times": PoolRealArray( 0, 0.12, 0.23, 0.31, 0.45, 0.51, 0.6 ),
"transitions": PoolRealArray( 1, 2, 1, 1, 1, 1, 11.3137 ),
"update": 1,
"values": [ ExtResource( 18 ), ExtResource( 19 ), ExtResource( 15 ), ExtResource( 16 ), ExtResource( 17 ), ExtResource( 20 ), ExtResource( 21 ) ]
}

[sub_resource type="Animation" id=3]
loop = true
tracks/0/type = "value"
tracks/0/path = NodePath("Sprite:texture")
tracks/0/interp = 1
tracks/0/loop_wrap = true
tracks/0/imported = false
tracks/0/enabled = true
tracks/0/keys = {
"times": PoolRealArray( 0, 1 ),
"transitions": PoolRealArray( 29.857, 1.8025 ),
"update": 1,
"values": [ ExtResource( 9 ), ExtResource( 9 ) ]
}

[sub_resource type="Animation" id=4]
loop = true
step = 0.01
tracks/0/type = "value"
tracks/0/path = NodePath("Sprite:texture")
tracks/0/interp = 1
tracks/0/loop_wrap = true
tracks/0/imported = false
tracks/0/enabled = true
tracks/0/keys = {
"times": PoolRealArray( 0 ),
"transitions": PoolRealArray( 1.46409 ),
"update": 1,
"values": [ ExtResource( 2 ) ]
}
tracks/1/type = "value"
tracks/1/path = NodePath("Sprite:flip_h")
tracks/1/interp = 1
tracks/1/loop_wrap = true
tracks/1/imported = false
tracks/1/enabled = true
tracks/1/keys = {
"times": PoolRealArray( 0, 1 ),
"transitions": PoolRealArray( 1, 1 ),
"update": 1,
"values": [ true, true ]
}

[sub_resource type="Animation" id=5]
loop = true
tracks/0/type = "value"
tracks/0/path = NodePath("Sprite:texture")
tracks/0/interp = 1
tracks/0/loop_wrap = true
tracks/0/imported = false
tracks/0/enabled = true
tracks/0/keys = {
"times": PoolRealArray( 0, 1 ),
"transitions": PoolRealArray( 14.9285, 1 ),
"update": 1,
"values": [ ExtResource( 2 ), ExtResource( 2 ) ]
}
tracks/1/type = "value"
tracks/1/path = NodePath("Sprite:flip_h")
tracks/1/interp = 1
tracks/1/loop_wrap = true
tracks/1/imported = false
tracks/1/enabled = true
tracks/1/keys = {
"times": PoolRealArray( 0, 1 ),
"transitions": PoolRealArray( 1, 1 ),
"update": 1,
"values": [ false, false ]
}

[sub_resource type="Animation" id=6]
loop = true
tracks/0/type = "value"
tracks/0/path = NodePath("Sprite:texture")
tracks/0/interp = 1
tracks/0/loop_wrap = true
tracks/0/imported = false
tracks/0/enabled = true
tracks/0/keys = {
"times": PoolRealArray( 0, 1 ),
"transitions": PoolRealArray( 1.36604, 1.86607 ),
"update": 1,
"values": [ ExtResource( 12 ), ExtResource( 12 ) ]
}

[sub_resource type="Animation" id=7]
length = 0.4
loop = true
step = 0.05
tracks/0/type = "value"
tracks/0/path = NodePath("Sprite:texture")
tracks/0/interp = 1
tracks/0/loop_wrap = true
tracks/0/imported = false
tracks/0/enabled = true
tracks/0/keys = {
"times": PoolRealArray( 0, 0.1, 0.2, 0.3 ),
"transitions": PoolRealArray( 23170.5, 1.27456, 10.9283, 90.5096 ),
"update": 1,
"values": [ ExtResource( 14 ), ExtResource( 13 ), ExtResource( 9 ), ExtResource( 3 ) ]
}

[sub_resource type="Animation" id=8]
length = 0.4
loop = true
step = 0.05
tracks/0/type = "value"
tracks/0/path = NodePath("Sprite:texture")
tracks/0/interp = 1
tracks/0/loop_wrap = true
tracks/0/imported = false
tracks/0/enabled = true
tracks/0/keys = {
"times": PoolRealArray( 0, 0.1, 0.2, 0.3 ),
"transitions": PoolRealArray( 1.86606, 22.6274, 97.0058, 21.8566 ),
"update": 1,
"values": [ ExtResource( 4 ), ExtResource( 7 ), ExtResource( 8 ), ExtResource( 2 ) ]
}
tracks/1/type = "value"
tracks/1/path = NodePath("Sprite:flip_h")
tracks/1/interp = 1
tracks/1/loop_wrap = true
tracks/1/imported = false
tracks/1/enabled = true
tracks/1/keys = {
"times": PoolRealArray( 0.01 ),
"transitions": PoolRealArray( 1 ),
"update": 1,
"values": [ true ]
}

[sub_resource type="Animation" id=9]
length = 0.4
loop = true
step = 0.05
tracks/0/type = "value"
tracks/0/path = NodePath("Sprite:texture")
tracks/0/interp = 1
tracks/0/loop_wrap = true
tracks/0/imported = false
tracks/0/enabled = true
tracks/0/keys = {
"times": PoolRealArray( 0, 0.1, 0.2, 0.3 ),
"transitions": PoolRealArray( 1.46409, 1, 304.437, 6.498 ),
"update": 1,
"values": [ ExtResource( 4 ), ExtResource( 7 ), ExtResource( 8 ), ExtResource( 2 ) ]
}
tracks/1/type = "value"
tracks/1/path = NodePath("Sprite:flip_h")
tracks/1/interp = 1
tracks/1/loop_wrap = true
tracks/1/imported = false
tracks/1/enabled = true
tracks/1/keys = {
"times": PoolRealArray( 0 ),
"transitions": PoolRealArray( 1 ),
"update": 1,
"values": [ false ]
}

[sub_resource type="Animation" id=10]
length = 0.4
loop = true
tracks/0/type = "value"
tracks/0/path = NodePath("Sprite:texture")
tracks/0/interp = 1
tracks/0/loop_wrap = true
tracks/0/imported = false
tracks/0/enabled = true
tracks/0/keys = {
"times": PoolRealArray( 0, 0.1, 0.2, 0.3 ),
"transitions": PoolRealArray( 1.7411, 0.90125, 0.840896, 20.3929 ),
"update": 1,
"values": [ ExtResource( 11 ), ExtResource( 6 ), ExtResource( 12 ), ExtResource( 10 ) ]
}

[sub_resource type="AnimationNodeAnimation" id=11]
animation = "Idle Down"

[sub_resource type="AnimationNodeAnimation" id=12]
animation = "Idle Right"

[sub_resource type="AnimationNodeAnimation" id=13]
animation = "Idle Left"

[sub_resource type="AnimationNodeAnimation" id=14]
animation = "Idle Up"

[sub_resource type="AnimationNodeBlendSpace2D" id=15]
blend_point_0/node = SubResource( 11 )
blend_point_0/pos = Vector2( 0, 1 )
blend_point_1/node = SubResource( 12 )
blend_point_1/pos = Vector2( 1, 0 )
blend_point_2/node = SubResource( 13 )
blend_point_2/pos = Vector2( -1, 0 )
blend_point_3/node = SubResource( 14 )
blend_point_3/pos = Vector2( 0, -1 )
min_space = Vector2( -1.05, -1.05 )
max_space = Vector2( 1.05, 1.05 )
blend_mode = 1

[sub_resource type="AnimationNodeAnimation" id=16]
animation = "Walk Right"

[sub_resource type="AnimationNodeAnimation" id=17]
animation = "Walk Left"

[sub_resource type="AnimationNodeAnimation" id=18]
animation = "Walk Down"

[sub_resource type="AnimationNodeAnimation" id=19]
animation = "Walk Up"

[sub_resource type="AnimationNodeBlendSpace2D" id=20]
blend_point_0/node = SubResource( 16 )
blend_point_0/pos = Vector2( 1, 0 )
blend_point_1/node = SubResource( 17 )
blend_point_1/pos = Vector2( -1, 0 )
blend_point_2/node = SubResource( 18 )
blend_point_2/pos = Vector2( 0, 1 )
blend_point_3/node = SubResource( 19 )
blend_point_3/pos = Vector2( 0, -1 )
min_space = Vector2( -1.05, -1.05 )
max_space = Vector2( 1.05, 1.05 )
blend_mode = 1

[sub_resource type="AnimationNodeStateMachineTransition" id=21]

[sub_resource type="AnimationNodeStateMachineTransition" id=22]

[sub_resource type="AnimationNodeStateMachine" id=23]
states/Idle/node = SubResource( 15 )
states/Idle/position = Vector2( 313, 95 )
states/Walk/node = SubResource( 20 )
states/Walk/position = Vector2( 515, 95 )
transitions = [ "Idle", "Walk", SubResource( 21 ), "Walk", "Idle", SubResource( 22 ) ]
graph_offset = Vector2( 89.999, 0 )

[sub_resource type="AnimationNodeStateMachinePlayback" id=24]

[sub_resource type="RectangleShape2D" id=25]
extents = Vector2( 32, 32 )

[node name="Player 1" type="KinematicBody2D" groups=[
"Player",
]]
script = ExtResource( 5 )
MyNumber = "1"
velocidade = 250
Bomba = ExtResource( 1 )
NumeroBombas = 1

[node name="CollisionShape2D" type="CollisionShape2D" parent="."]
position = Vector2( 32, 32 )
scale = Vector2( 0.99, 0.99 )
shape = SubResource( 1 )

[node name="Sprite" type="Sprite" parent="."]
position = Vector2( 32, 18 )
scale = Vector2( 0.19, 0.19 )
z_index = 5
z_as_relative = false
texture = ExtResource( 21 )
flip_h = true

[node name="AnimationPlayer" type="AnimationPlayer" parent="."]
anims/Die = SubResource( 2 )
"anims/Idle Down" = SubResource( 3 )
"anims/Idle Left" = SubResource( 4 )
"anims/Idle Right" = SubResource( 5 )
"anims/Idle Up" = SubResource( 6 )
"anims/Walk Down" = SubResource( 7 )
"anims/Walk Left" = SubResource( 8 )
"anims/Walk Right" = SubResource( 9 )
"anims/Walk Up" = SubResource( 10 )

[node name="AnimationTree" type="AnimationTree" parent="."]
tree_root = SubResource( 23 )
anim_player = NodePath("../AnimationPlayer")
active = true
parameters/playback = SubResource( 24 )
parameters/Idle/blend_position = Vector2( 0, 0 )
parameters/Walk/blend_position = Vector2( 0, 0 )

[node name="Area2D" type="Area2D" parent="."]
position = Vector2( 32, 32 )

[node name="CollisionShape2D" type="CollisionShape2D" parent="Area2D"]
shape = SubResource( 25 )
[connection signal="area_entered" from="Area2D" to="." method="_on_Area2D_area_entered"]
